% @inproceedings{silva2013automatic,
%   title={Automatic detection of motorcyclists without helmet},
%   author={Silva, Romuere and Aires, Kelson and Santos, Thiago and Abdala, Kalyf and Veras, Rodrigo and Soares, Andre},
%   booktitle={Computing Conference (CLEI), 2013 XXXIX Latin American},
%   pages={1--7},
%   year={2013},
%   organization={IEEE}
% }

% @inproceedings{dahiya2016automatic,
%   title={Automatic detection of bike-riders without helmet using surveillance videos in real-time},
%   author={Dahiya, Kunal and Singh, Dinesh and Mohan, C Krishna},
%   booktitle={Neural Networks (IJCNN), 2016 International Joint Conference on},
%   pages={3046--3051},
%   year={2016},
%   organization={IEEE}
% }
% @inproceedings{waranusast2013machine,
%   title={Machine vision techniques for motorcycle safety helmet detection},
%   author={Waranusast, Rattapoom and Bundon, Nannaphat and Timtong, Vasan and Tangnoi, Chainarong and Pattanathaburt, Pattanawadee},
%   booktitle={Image and Vision Computing New Zealand (IVCNZ), 2013 28th International Conference of},
%   pages={35--40},
%   year={2013},
%   organization={IEEE}
% }
% @inproceedings{krizhevsky2012imagenet,
%   title={Imagenet classification with deep convolutional neural networks},
%   author={Krizhevsky, Alex and Sutskever, Ilya and Hinton, Geoffrey E},
%   booktitle={Advances in neural information processing systems},
%   pages={1097--1105},
%   year={2012}
% }
% @inproceedings{biddle2002darknet,
%   title={The darknet and the future of content protection},
%   author={Biddle, Peter and England, Paul and Peinado, Marcus and Willman, Bryan},
%   booktitle={ACM Workshop on Digital Rights Management},
%   pages={155--176},
%   year={2002},
%   organization={Springer}
% }

@article{b1,
 author = {Bentley, Jon},
 title = {Programming Pearls: How to Sort},
 journal = {Commun. ACM},
 issue_date = {April 1984},
 volume = {27},
 number = {4},
 month = apr,
 year = {1984},
 issn = {0001-0782},
 pages = {287--ff.},
 url = {http://doi.acm.org/10.1145/358027.381121},
 doi = {10.1145/358027.381121},
 acmid = {381121},
 publisher = {ACM},
 address = {New York, NY, USA},
} 
@article{b2,
 author = {Bron, C.},
 title = {Merge Sort Algorithm [M1]},
 journal = {Commun. ACM},
 issue_date = {May 1972},
 volume = {15},
 number = {5},
 month = may,
 year = {1972},
 issn = {0001-0782},
 pages = {357--358},
 numpages = {2},
 url = {http://doi.acm.org/10.1145/355602.361317},
 doi = {10.1145/355602.361317},
 acmid = {361317},
 publisher = {ACM},
 address = {New York, NY, USA},
 keywords = {merge, sort},
} 
@article{b3,
 author = {Corwin, Edward and Logar, Antonette},
 title = {Sorting in Linear Time - Variations on the Bucket Sort},
 journal = {J. Comput. Sci. Coll.},
 issue_date = {October 2004},
 volume = {20},
 number = {1},
 month = oct,
 year = {2004},
 issn = {1937-4771},
 pages = {197--202},
 numpages = {6},
 url = {http://dl.acm.org/citation.cfm?id=1040231.1040257},
 acmid = {1040257},
 publisher = {Consortium for Computing Sciences in Colleges},
 address = {USA},
} 

